<?xml version="1.0" encoding="UTF-8"?>
<ENVELOPE>
  <HEADER>
    <TALLYREQUEST>Import Data</TALLYREQUEST>
  </HEADER>
  <BODY>
    <IMPORTDATA>
      <REQUESTDESC>
        <REPORTNAME>All Masters and Vouchers</REPORTNAME>
        <STATICVARIABLES>
          <SVCURRENTCOMPANY>CA Mega Suite Import</SVCURRENTCOMPANY>
        </STATICVARIABLES>
      </REQUESTDESC>
      <REQUESTDATA>
        <TALLYMESSAGE xmlns:UDF="TallyUDF">
          <LEDGER NAME="HDFC Bank Account" ACTION="Create">
            <NAME.LIST>
              <NAME>HDFC Bank Account</NAME>
            </NAME.LIST>
            <PARENT>Bank Accounts</PARENT>
            <ISBANKLEDGER>Yes</ISBANKLEDGER>
          </LEDGER>
        </TALLYMESSAGE>
        <TALLYMESSAGE xmlns:UDF="TallyUDF">
          <LEDGER NAME="E-Commerce Purchases" ACTION="Create">
            <NAME.LIST>
              <NAME>E-Commerce Purchases</NAME>
            </NAME.LIST>
            <PARENT>Purchase Accounts</PARENT>
          </LEDGER>
        </TALLYMESSAGE>
        <TALLYMESSAGE xmlns:UDF="TallyUDF">
          <LEDGER NAME="Salary Account" ACTION="Create">
            <NAME.LIST>
              <NAME>Salary Account</NAME>
            </NAME.LIST>
            <PARENT>Direct Expenses</PARENT>
          </LEDGER>
        </TALLYMESSAGE>
        <TALLYMESSAGE xmlns:UDF="TallyUDF">
          <LEDGER NAME="Investments" ACTION="Create">
            <NAME.LIST>
              <NAME>Investments</NAME>
            </NAME.LIST>
            <PARENT>Investments</PARENT>
          </LEDGER>
        </TALLYMESSAGE>
        <TALLYMESSAGE xmlns:UDF="TallyUDF">
          <LEDGER NAME="Loan Account" ACTION="Create">
            <NAME.LIST>
              <NAME>Loan Account</NAME>
            </NAME.LIST>
            <PARENT>Loans (Liability)</PARENT>
          </LEDGER>
        </TALLYMESSAGE>
        <TALLYMESSAGE xmlns:UDF="TallyUDF">
          <LEDGER NAME="Electricity Charges" ACTION="Create">
            <NAME.LIST>
              <NAME>Electricity Charges</NAME>
            </NAME.LIST>
            <PARENT>Indirect Expenses</PARENT>
          </LEDGER>
        </TALLYMESSAGE>
        <TALLYMESSAGE xmlns:UDF="TallyUDF">
          <LEDGER NAME="Income Tax" ACTION="Create">
            <NAME.LIST>
              <NAME>Income Tax</NAME>
            </NAME.LIST>
            <PARENT>Duties &amp; Taxes</PARENT>
          </LEDGER>
        </TALLYMESSAGE>
        <TALLYMESSAGE xmlns:UDF="TallyUDF">
          <LEDGER NAME="Interest Income" ACTION="Create">
            <NAME.LIST>
              <NAME>Interest Income</NAME>
            </NAME.LIST>
            <PARENT>Indirect Incomes</PARENT>
          </LEDGER>
        </TALLYMESSAGE>
        <TALLYMESSAGE xmlns:UDF="TallyUDF">
          <LEDGER NAME="Rent Account" ACTION="Create">
            <NAME.LIST>
              <NAME>Rent Account</NAME>
            </NAME.LIST>
            <PARENT>Indirect Expenses</PARENT>
          </LEDGER>
        </TALLYMESSAGE>
        <TALLYMESSAGE xmlns:UDF="TallyUDF">
          <LEDGER NAME="Suspense Account" ACTION="Create">
            <NAME.LIST>
              <NAME>Suspense Account</NAME>
            </NAME.LIST>
            <PARENT>Suspense A/c</PARENT>
          </LEDGER>
        </TALLYMESSAGE>
        <TALLYMESSAGE xmlns:UDF="TallyUDF">
          <VOUCHER VCHTYPE="Receipt" ACTION="Create">
            <DATE>20260102</DATE>
            <VOUCHERTYPENAME>Receipt</VOUCHERTYPENAME>
            <VOUCHERNUMBER>CMS-00001</VOUCHERNUMBER>
            <NARRATION>UPI/CR/412345678/GOOGLE PAY/9876543210</NARRATION>
            <REFERENCE></REFERENCE>
            <ALLLEDGERENTRIES.LIST>
              <LEDGERNAME>HDFC Bank Account</LEDGERNAME>
              <ISDEEMEDPOSITIVE>Yes</ISDEEMEDPOSITIVE>
              <AMOUNT>-15000.00</AMOUNT>
            </ALLLEDGERENTRIES.LIST>
            <ALLLEDGERENTRIES.LIST>
              <LEDGERNAME>Suspense Account</LEDGERNAME>
              <ISDEEMEDPOSITIVE>No</ISDEEMEDPOSITIVE>
              <AMOUNT>15000.00</AMOUNT>
            </ALLLEDGERENTRIES.LIST>
          </VOUCHER>
        </TALLYMESSAGE>
        <TALLYMESSAGE xmlns:UDF="TallyUDF">
          <VOUCHER VCHTYPE="Payment" ACTION="Create">
            <DATE>20260103</DATE>
            <VOUCHERTYPENAME>Payment</VOUCHERTYPENAME>
            <VOUCHERNUMBER>CMS-00002</VOUCHERNUMBER>
            <NARRATION>NEFT/N123456789/RELIANCE INDUSTRIES</NARRATION>
            <REFERENCE></REFERENCE>
            <ALLLEDGERENTRIES.LIST>
              <LEDGERNAME>Suspense Account</LEDGERNAME>
              <ISDEEMEDPOSITIVE>Yes</ISDEEMEDPOSITIVE>
              <AMOUNT>-50000.00</AMOUNT>
            </ALLLEDGERENTRIES.LIST>
            <ALLLEDGERENTRIES.LIST>
              <LEDGERNAME>HDFC Bank Account</LEDGERNAME>
              <ISDEEMEDPOSITIVE>No</ISDEEMEDPOSITIVE>
              <AMOUNT>50000.00</AMOUNT>
            </ALLLEDGERENTRIES.LIST>
          </VOUCHER>
        </TALLYMESSAGE>
        <TALLYMESSAGE xmlns:UDF="TallyUDF">
          <VOUCHER VCHTYPE="Payment" ACTION="Create">
            <DATE>20260105</DATE>
            <VOUCHERTYPENAME>Payment</VOUCHERTYPENAME>
            <VOUCHERNUMBER>CMS-00003</VOUCHERNUMBER>
            <NARRATION>ATM/CASH WITHDRAWAL/ATM123456</NARRATION>
            <REFERENCE></REFERENCE>
            <ALLLEDGERENTRIES.LIST>
              <LEDGERNAME>Suspense Account</LEDGERNAME>
              <ISDEEMEDPOSITIVE>Yes</ISDEEMEDPOSITIVE>
              <AMOUNT>-10000.00</AMOUNT>
            </ALLLEDGERENTRIES.LIST>
            <ALLLEDGERENTRIES.LIST>
              <LEDGERNAME>HDFC Bank Account</LEDGERNAME>
              <ISDEEMEDPOSITIVE>No</ISDEEMEDPOSITIVE>
              <AMOUNT>10000.00</AMOUNT>
            </ALLLEDGERENTRIES.LIST>
          </VOUCHER>
        </TALLYMESSAGE>
        <TALLYMESSAGE xmlns:UDF="TallyUDF">
          <VOUCHER VCHTYPE="Payment" ACTION="Create">
            <DATE>20260107</DATE>
            <VOUCHERTYPENAME>Payment</VOUCHERTYPENAME>
            <VOUCHERNUMBER>CMS-00004</VOUCHERNUMBER>
            <NARRATION>UPI/DR/567890123/SWIGGY/FOOD ORDER</NARRATION>
            <REFERENCE></REFERENCE>
            <ALLLEDGERENTRIES.LIST>
              <LEDGERNAME>E-Commerce Purchases</LEDGERNAME>
              <ISDEEMEDPOSITIVE>Yes</ISDEEMEDPOSITIVE>
              <AMOUNT>-450.00</AMOUNT>
            </ALLLEDGERENTRIES.LIST>
            <ALLLEDGERENTRIES.LIST>
              <LEDGERNAME>HDFC Bank Account</LEDGERNAME>
              <ISDEEMEDPOSITIVE>No</ISDEEMEDPOSITIVE>
              <AMOUNT>450.00</AMOUNT>
            </ALLLEDGERENTRIES.LIST>
          </VOUCHER>
        </TALLYMESSAGE>
        <TALLYMESSAGE xmlns:UDF="TallyUDF">
          <VOUCHER VCHTYPE="Receipt" ACTION="Create">
            <DATE>20260108</DATE>
            <VOUCHERTYPENAME>Receipt</VOUCHERTYPENAME>
            <VOUCHERNUMBER>CMS-00005</VOUCHERNUMBER>
            <NARRATION>IMPS/I987654321/SALARY/JAN 2026</NARRATION>
            <REFERENCE></REFERENCE>
            <ALLLEDGERENTRIES.LIST>
              <LEDGERNAME>HDFC Bank Account</LEDGERNAME>
              <ISDEEMEDPOSITIVE>Yes</ISDEEMEDPOSITIVE>
              <AMOUNT>-75000.00</AMOUNT>
            </ALLLEDGERENTRIES.LIST>
            <ALLLEDGERENTRIES.LIST>
              <LEDGERNAME>Salary Account</LEDGERNAME>
              <ISDEEMEDPOSITIVE>No</ISDEEMEDPOSITIVE>
              <AMOUNT>75000.00</AMOUNT>
            </ALLLEDGERENTRIES.LIST>
          </VOUCHER>
        </TALLYMESSAGE>
        <TALLYMESSAGE xmlns:UDF="TallyUDF">
          <VOUCHER VCHTYPE="Payment" ACTION="Create">
            <DATE>20260110</DATE>
            <VOUCHERTYPENAME>Payment</VOUCHERTYPENAME>
            <VOUCHERNUMBER>CMS-00006</VOUCHERNUMBER>
            <NARRATION>RTGS/R111222333/INVESTMENT/MUTUAL FUND</NARRATION>
            <REFERENCE></REFERENCE>
            <ALLLEDGERENTRIES.LIST>
              <LEDGERNAME>Investments</LEDGERNAME>
              <ISDEEMEDPOSITIVE>Yes</ISDEEMEDPOSITIVE>
              <AMOUNT>-25000.00</AMOUNT>
            </ALLLEDGERENTRIES.LIST>
            <ALLLEDGERENTRIES.LIST>
              <LEDGERNAME>HDFC Bank Account</LEDGERNAME>
              <ISDEEMEDPOSITIVE>No</ISDEEMEDPOSITIVE>
              <AMOUNT>25000.00</AMOUNT>
            </ALLLEDGERENTRIES.LIST>
          </VOUCHER>
        </TALLYMESSAGE>
        <TALLYMESSAGE xmlns:UDF="TallyUDF">
          <VOUCHER VCHTYPE="Payment" ACTION="Create">
            <DATE>20260112</DATE>
            <VOUCHERTYPENAME>Payment</VOUCHERTYPENAME>
            <VOUCHERNUMBER>CMS-00007</VOUCHERNUMBER>
            <NARRATION>NACH/MANDATE/HOME LOAN EMI/HDFC LTD</NARRATION>
            <REFERENCE></REFERENCE>
            <ALLLEDGERENTRIES.LIST>
              <LEDGERNAME>Loan Account</LEDGERNAME>
              <ISDEEMEDPOSITIVE>Yes</ISDEEMEDPOSITIVE>
              <AMOUNT>-35000.00</AMOUNT>
            </ALLLEDGERENTRIES.LIST>
            <ALLLEDGERENTRIES.LIST>
              <LEDGERNAME>HDFC Bank Account</LEDGERNAME>
              <ISDEEMEDPOSITIVE>No</ISDEEMEDPOSITIVE>
              <AMOUNT>35000.00</AMOUNT>
            </ALLLEDGERENTRIES.LIST>
          </VOUCHER>
        </TALLYMESSAGE>
        <TALLYMESSAGE xmlns:UDF="TallyUDF">
          <VOUCHER VCHTYPE="Receipt" ACTION="Create">
            <DATE>20260115</DATE>
            <VOUCHERTYPENAME>Receipt</VOUCHERTYPENAME>
            <VOUCHERNUMBER>CMS-00008</VOUCHERNUMBER>
            <NARRATION>CHQ/DEP/CHEQUE DEPOSIT/SELF</NARRATION>
            <REFERENCE></REFERENCE>
            <ALLLEDGERENTRIES.LIST>
              <LEDGERNAME>HDFC Bank Account</LEDGERNAME>
              <ISDEEMEDPOSITIVE>Yes</ISDEEMEDPOSITIVE>
              <AMOUNT>-30000.00</AMOUNT>
            </ALLLEDGERENTRIES.LIST>
            <ALLLEDGERENTRIES.LIST>
              <LEDGERNAME>Suspense Account</LEDGERNAME>
              <ISDEEMEDPOSITIVE>No</ISDEEMEDPOSITIVE>
              <AMOUNT>30000.00</AMOUNT>
            </ALLLEDGERENTRIES.LIST>
          </VOUCHER>
        </TALLYMESSAGE>
        <TALLYMESSAGE xmlns:UDF="TallyUDF">
          <VOUCHER VCHTYPE="Payment" ACTION="Create">
            <DATE>20260118</DATE>
            <VOUCHERTYPENAME>Payment</VOUCHERTYPENAME>
            <VOUCHERNUMBER>CMS-00009</VOUCHERNUMBER>
            <NARRATION>UPI/DR/333444555/AMAZON/SHOPPING</NARRATION>
            <REFERENCE></REFERENCE>
            <ALLLEDGERENTRIES.LIST>
              <LEDGERNAME>E-Commerce Purchases</LEDGERNAME>
              <ISDEEMEDPOSITIVE>Yes</ISDEEMEDPOSITIVE>
              <AMOUNT>-8999.00</AMOUNT>
            </ALLLEDGERENTRIES.LIST>
            <ALLLEDGERENTRIES.LIST>
              <LEDGERNAME>HDFC Bank Account</LEDGERNAME>
              <ISDEEMEDPOSITIVE>No</ISDEEMEDPOSITIVE>
              <AMOUNT>8999.00</AMOUNT>
            </ALLLEDGERENTRIES.LIST>
          </VOUCHER>
        </TALLYMESSAGE>
        <TALLYMESSAGE xmlns:UDF="TallyUDF">
          <VOUCHER VCHTYPE="Receipt" ACTION="Create">
            <DATE>20260120</DATE>
            <VOUCHERTYPENAME>Receipt</VOUCHERTYPENAME>
            <VOUCHERNUMBER>CMS-00010</VOUCHERNUMBER>
            <NARRATION>NEFT/N987654321/CLIENT PAYMENT/ABC CORP</NARRATION>
            <REFERENCE></REFERENCE>
            <ALLLEDGERENTRIES.LIST>
              <LEDGERNAME>HDFC Bank Account</LEDGERNAME>
              <ISDEEMEDPOSITIVE>Yes</ISDEEMEDPOSITIVE>
              <AMOUNT>-120000.00</AMOUNT>
            </ALLLEDGERENTRIES.LIST>
            <ALLLEDGERENTRIES.LIST>
              <LEDGERNAME>Suspense Account</LEDGERNAME>
              <ISDEEMEDPOSITIVE>No</ISDEEMEDPOSITIVE>
              <AMOUNT>120000.00</AMOUNT>
            </ALLLEDGERENTRIES.LIST>
          </VOUCHER>
        </TALLYMESSAGE>
        <TALLYMESSAGE xmlns:UDF="TallyUDF">
          <VOUCHER VCHTYPE="Payment" ACTION="Create">
            <DATE>20260122</DATE>
            <VOUCHERTYPENAME>Payment</VOUCHERTYPENAME>
            <VOUCHERNUMBER>CMS-00011</VOUCHERNUMBER>
            <NARRATION>UPI/DR/666777888/ELECTRICITY BILL/TPCL</NARRATION>
            <REFERENCE></REFERENCE>
            <ALLLEDGERENTRIES.LIST>
              <LEDGERNAME>Electricity Charges</LEDGERNAME>
              <ISDEEMEDPOSITIVE>Yes</ISDEEMEDPOSITIVE>
              <AMOUNT>-3500.00</AMOUNT>
            </ALLLEDGERENTRIES.LIST>
            <ALLLEDGERENTRIES.LIST>
              <LEDGERNAME>HDFC Bank Account</LEDGERNAME>
              <ISDEEMEDPOSITIVE>No</ISDEEMEDPOSITIVE>
              <AMOUNT>3500.00</AMOUNT>
            </ALLLEDGERENTRIES.LIST>
          </VOUCHER>
        </TALLYMESSAGE>
        <TALLYMESSAGE xmlns:UDF="TallyUDF">
          <VOUCHER VCHTYPE="Payment" ACTION="Create">
            <DATE>20260125</DATE>
            <VOUCHERTYPENAME>Payment</VOUCHERTYPENAME>
            <VOUCHERNUMBER>CMS-00012</VOUCHERNUMBER>
            <NARRATION>DD/DEMAND DRAFT/INCOME TAX ADVANCE</NARRATION>
            <REFERENCE></REFERENCE>
            <ALLLEDGERENTRIES.LIST>
              <LEDGERNAME>Income Tax</LEDGERNAME>
              <ISDEEMEDPOSITIVE>Yes</ISDEEMEDPOSITIVE>
              <AMOUNT>-15000.00</AMOUNT>
            </ALLLEDGERENTRIES.LIST>
            <ALLLEDGERENTRIES.LIST>
              <LEDGERNAME>HDFC Bank Account</LEDGERNAME>
              <ISDEEMEDPOSITIVE>No</ISDEEMEDPOSITIVE>
              <AMOUNT>15000.00</AMOUNT>
            </ALLLEDGERENTRIES.LIST>
          </VOUCHER>
        </TALLYMESSAGE>
        <TALLYMESSAGE xmlns:UDF="TallyUDF">
          <VOUCHER VCHTYPE="Receipt" ACTION="Create">
            <DATE>20260128</DATE>
            <VOUCHERTYPENAME>Receipt</VOUCHERTYPENAME>
            <VOUCHERNUMBER>CMS-00013</VOUCHERNUMBER>
            <NARRATION>INTEREST/QUARTERLY INTEREST CREDIT</NARRATION>
            <REFERENCE></REFERENCE>
            <ALLLEDGERENTRIES.LIST>
              <LEDGERNAME>HDFC Bank Account</LEDGERNAME>
              <ISDEEMEDPOSITIVE>Yes</ISDEEMEDPOSITIVE>
              <AMOUNT>-1250.00</AMOUNT>
            </ALLLEDGERENTRIES.LIST>
            <ALLLEDGERENTRIES.LIST>
              <LEDGERNAME>Interest Income</LEDGERNAME>
              <ISDEEMEDPOSITIVE>No</ISDEEMEDPOSITIVE>
              <AMOUNT>1250.00</AMOUNT>
            </ALLLEDGERENTRIES.LIST>
          </VOUCHER>
        </TALLYMESSAGE>
        <TALLYMESSAGE xmlns:UDF="TallyUDF">
          <VOUCHER VCHTYPE="Payment" ACTION="Create">
            <DATE>20260130</DATE>
            <VOUCHERTYPENAME>Payment</VOUCHERTYPENAME>
            <VOUCHERNUMBER>CMS-00014</VOUCHERNUMBER>
            <NARRATION>UPI/DR/999888777/RENT PAYMENT/JAN</NARRATION>
            <REFERENCE></REFERENCE>
            <ALLLEDGERENTRIES.LIST>
              <LEDGERNAME>Rent Account</LEDGERNAME>
              <ISDEEMEDPOSITIVE>Yes</ISDEEMEDPOSITIVE>
              <AMOUNT>-18000.00</AMOUNT>
            </ALLLEDGERENTRIES.LIST>
            <ALLLEDGERENTRIES.LIST>
              <LEDGERNAME>HDFC Bank Account</LEDGERNAME>
              <ISDEEMEDPOSITIVE>No</ISDEEMEDPOSITIVE>
              <AMOUNT>18000.00</AMOUNT>
            </ALLLEDGERENTRIES.LIST>
          </VOUCHER>
        </TALLYMESSAGE>
      </REQUESTDATA>
    </IMPORTDATA>
  </BODY>
</ENVELOPE>